@article{Vines2012,
author = {Vines, Mauricio and Lee, Won-Sook and Mavriplis, Catherine},
file = {:home/garoe/Documents/Mendeley/Vines, Lee, Mavriplis - 2012 - Computer animation challenges for computational fluid dynamics.pdf:pdf},
issn = {1061-8562},
journal = {International Journal of Computational Fluid Dynamics},
keywords = {computer animation,graphical realism,incompressible fluids,numerical simulation,visualisation},
month = jul,
number = {6-8},
pages = {407--434},
title = {{Computer animation challenges for computational fluid dynamics}},
url = {http://www.tandfonline.com/doi/abs/10.1080/10618562.2012.721541},
volume = {26},
year = {2012}
}
@article{Mitra2010,
address = {New York, NY, USA},
author = {Mitra, Niloy J and Yang, Yong-Liang and Yan, Dong-Ming and Li, Wilmot and Agrawala, Maneesh},
file = {:home/garoe/Documents/Mendeley/Mitra et al. - 2010 - Illustrating How Mechanical Assemblies Work.pdf:pdf},
issn = {0730-0301},
journal = {ACM Trans. Graph.},
keywords = {causal chaining,mechanical assembly,motion depiction,shape analysis,visualization},
month = jul,
number = {4},
pages = {58:1----58:12},
publisher = {ACM},
title = {{Illustrating How Mechanical Assemblies Work}},
url = {http://doi.acm.org/10.1145/1778765.1778795},
volume = {29},
year = {2010}
}
@article{McLoughlin2010,
author = {McLoughlin, Tony and Laramee, Robert S. and Peikert, Ronald and Post, Frits H. and Chen, Min},
file = {:home/garoe/Documents/Mendeley/McLoughlin et al. - 2010 - Over Two Decades of Integration-Based, Geometric Flow Visualization.pdf:pdf},
issn = {01677055},
journal = {Computer Graphics Forum},
keywords = {3,5,according to acm ccs,categories and subject descriptors,computational,computer graphics,flow visualization,geometry and object modeling,i,time-dependent data,vector fields},
month = sep,
number = {6},
pages = {1807--1829},
title = {{Over Two Decades of Integration-Based, Geometric Flow Visualization}},
url = {http://doi.wiley.com/10.1111/j.1467-8659.2010.01650.x},
volume = {29},
year = {2010}
}
@article{Pan2011,
author = {Pan, J. and Shi, G. L.},
file = {:home/garoe/Documents/Mendeley/Pan, Shi - 2011 - Simulation and implementation of a new crankshaft and connecting rod-type radial-plunger low-speed-high-torque hydraul.pdf:pdf},
issn = {0954-4062},
journal = {Proceedings of the Institution of Mechanical Engineers, Part C: Journal of Mechanical Engineering Science},
month = sep,
number = {2},
pages = {533--543},
title = {{Simulation and implementation of a new crankshaft and connecting rod-type radial-plunger low-speed-high-torque hydraulic motor with digital distributor}},
url = {http://pic.sagepub.com/lookup/doi/10.1177/0954406211414641},
volume = {226},
year = {2011}
}
@techreport{burstall,
annote = {Availble as $\backslash$url\{https://wiki.bath.ac.uk/display/bucstech/TeX+-+LaTeX \}},
author = {Burstall, Francis},
institution = {University of Bath, Uk},
pages = {1--3},
title = {{The baththesis package}},
year = {2004}
}
